<record><leader>00000cas a22000007a 4500</leader><controlfield tag="001">19997326</controlfield><controlfield tag="008">890712d19321963lauwr ne      0    0eng d</controlfield><datafield ind1=" " ind2=" " tag="010"><subfield code="a">sn 89059293 </subfield></datafield><datafield ind1=" " ind2=" " tag="040"><subfield code="a">LNP</subfield><subfield code="b">eng</subfield><subfield code="c">LNP</subfield><subfield code="d">OCLCQ</subfield><subfield code="d">OCLCF</subfield><subfield code="d">OCLCO</subfield><subfield code="d">OCLCA</subfield></datafield><datafield ind1="1" ind2=" " tag="029"><subfield code="a">AU@</subfield><subfield code="b">000020556270</subfield></datafield><datafield ind1=" " ind2=" " tag="042"><subfield code="a">msc</subfield></datafield><datafield ind1=" " ind2=" " tag="043"><subfield code="a">n-us-la</subfield></datafield><datafield ind1=" " ind2="4" tag="050"><subfield code="a">BX1415.L9</subfield><subfield code="b">C33</subfield></datafield><datafield ind1="0" ind2="0" tag="245"><subfield code="a">Catholic action of the South.</subfield></datafield><datafield ind1=" " ind2=" " tag="260"><subfield code="a">New Orleans, La. :</subfield><subfield code="b">Catholic Action Pub. Co.</subfield></datafield><datafield ind1=" " ind2=" " tag="300"><subfield code="a">v.</subfield></datafield><datafield ind1=" " ind2=" " tag="310"><subfield code="a">Weekly,</subfield><subfield code="b">Dec. 21, 1933-1963</subfield></datafield><datafield ind1=" " ind2=" " tag="321"><subfield code="a">Monthly,</subfield><subfield code="b">1932-Dec. 14, 1933</subfield></datafield><datafield ind1="0" ind2=" " tag="362"><subfield code="a">Vol. 1, no. 1 (Dec. 17, 1932)-v. 51, no. 43 (Feb. 24, 1963).</subfield></datafield><datafield ind1=" " ind2=" " tag="500"><subfield code="a">"Official Organ of the Diocese of New Orleans."</subfield></datafield><datafield ind1=" " ind2="0" tag="651"><subfield code="a">New Orleans (La.)</subfield><subfield code="v">Newspapers.</subfield></datafield><datafield ind1=" " ind2="7" tag="655"><subfield code="a">Newspapers.</subfield><subfield code="2">fast</subfield><subfield code="0">(OCoLC)fst01423814</subfield></datafield><datafield ind1=" " ind2="7" tag="651"><subfield code="a">Louisiana</subfield><subfield code="z">New Orleans.</subfield><subfield code="2">fast</subfield><subfield code="0">(OCoLC)fst01204311</subfield></datafield><datafield ind1=" " ind2=" " tag="752"><subfield code="a">United States</subfield><subfield code="b">Louisiana</subfield><subfield code="c">Orleans</subfield><subfield code="d">New Orleans.</subfield></datafield><datafield ind1="0" ind2="0" tag="785"><subfield code="t">Clarion herald</subfield><subfield code="w">(DLC)sn 89059089</subfield></datafield></record>